<record><leader>00000cas a2200000 a 4500</leader><controlfield tag="001">27911400</controlfield><controlfield tag="008">930413d19261961caudn ne      0    0eng c</controlfield><datafield ind1=" " ind2=" " tag="010"><subfield code="a">sn 93051487 </subfield></datafield><datafield ind1=" " ind2=" " tag="040"><subfield code="a">CUY</subfield><subfield code="b">eng</subfield><subfield code="c">CNK</subfield><subfield code="d">OCLCQ</subfield><subfield code="d">CNK</subfield><subfield code="d">OCLCQ</subfield><subfield code="d">OCLCF</subfield><subfield code="d">OCLCO</subfield></datafield><datafield ind1=" " ind2=" " tag="042"><subfield code="a">pcc</subfield></datafield><datafield ind1=" " ind2=" " tag="043"><subfield code="a">n-us-ca</subfield></datafield><datafield ind1="0" ind2="0" tag="245"><subfield code="a">San Mateo times and daily news leader.</subfield></datafield><datafield ind1="1" ind2="7" tag="246"><subfield code="a">San Mateo times</subfield></datafield><datafield ind1="1" ind2=" " tag="246"><subfield code="i">Sunday issues published as:</subfield><subfield code="a">San Mateo times Peninsula shopping guide</subfield><subfield code="f">&lt;Jan. 6, 1952&gt;</subfield></datafield><datafield ind1=" " ind2=" " tag="260"><subfield code="a">San Mateo, Calif. :</subfield><subfield code="b">Horace W. Amphlett</subfield></datafield><datafield ind1=" " ind2=" " tag="300"><subfield code="a">v.</subfield></datafield><datafield ind1=" " ind2=" " tag="310"><subfield code="a">Daily (except Sun.)</subfield></datafield><datafield ind1="0" ind2=" " tag="362"><subfield code="a">Vol. 7, no. 17 (Jan. 21, 1926)-v. 61, no. 160 (July 6, 1961).</subfield></datafield><datafield ind1=" " ind2=" " tag="500"><subfield code="a">Published regional eds., &lt;1935-&gt;: Home ed., Burlingame ed.</subfield></datafield><datafield ind1=" " ind2=" " tag="515"><subfield code="a">Continues the numbering of San Mateo times.</subfield></datafield><datafield ind1=" " ind2=" " tag="530"><subfield code="a">Master negatives are available for duplication from:</subfield><subfield code="b">California Newspaper Microfilm Archive;</subfield><subfield code="c">positive copies may be purchased by the reel; for further information consult the CNMA at:</subfield><subfield code="u">http://cbsr.ucr.edu</subfield></datafield><datafield ind1=" " ind2="0" tag="651"><subfield code="a">San Mateo (Calif.)</subfield><subfield code="v">Newspapers.</subfield></datafield><datafield ind1=" " ind2="7" tag="655"><subfield code="a">Newspapers.</subfield><subfield code="2">fast</subfield><subfield code="0">(OCoLC)fst01423814</subfield></datafield><datafield ind1=" " ind2="7" tag="651"><subfield code="a">California</subfield><subfield code="z">San Mateo.</subfield><subfield code="2">fast</subfield><subfield code="0">(OCoLC)fst01214306</subfield></datafield><datafield ind1=" " ind2=" " tag="752"><subfield code="a">United States</subfield><subfield code="b">California</subfield><subfield code="c">San Mateo</subfield><subfield code="d">San Mateo.</subfield></datafield><datafield ind1="0" ind2=" " tag="775"><subfield code="t">San Mateo county news &amp; Peninsula shopping guide</subfield><subfield code="w">(DLC)sn2008060131</subfield></datafield><datafield ind1="0" ind2="4" tag="780"><subfield code="t">Daily news leader (San Mateo, Calif.)</subfield><subfield code="w">(DLC)sn 95062169</subfield></datafield><datafield ind1="0" ind2="4" tag="780"><subfield code="t">San Mateo times (San Mateo, Calif. : 1901)</subfield><subfield code="w">(DLC)sn 95062170</subfield></datafield><datafield ind1="0" ind2="0" tag="785"><subfield code="t">Times, San Mateo times and daily news leader</subfield><subfield code="w">(DLC)sn 95062172</subfield></datafield></record>